<record xmlns="http://www.loc.gov/MARC21/slim" xmlns:xsi="http://www.w3.org/2001/XMLSchema-instance" xsi:schemaLocation="http://www.loc.gov/MARC21/slim http://www.loc.gov/standards/marcxml/schema/MARC21slim.xsd"><leader>02779nam a2200493   4500</leader><controlfield tag="001">3068059</controlfield><controlfield tag="003">NNC</controlfield><controlfield tag="006">m        d        </controlfield><controlfield tag="007">cr cn |||m|||a</controlfield><controlfield tag="008">150110s1956    sy bfh  ob    001 1 ara d</controlfield><datafield ind1=" " ind2=" " tag="040"><subfield code="a">NNU</subfield><subfield code="b">eng</subfield><subfield code="e">rda</subfield><subfield code="c">NNU</subfield></datafield><datafield ind1=" " ind2=" " tag="043"><subfield code="a">a-sy---</subfield></datafield><datafield ind1=" " ind2="4" tag="050"><subfield code="a">DS38.6</subfield><subfield code="b">.I262 1956</subfield></datafield><datafield ind1="1" ind2=" " tag="100"><subfield code="6">880-01</subfield><subfield code="a">Ibn Shadda&#772;d, Muh&#803;ammad ibn &#699;Ali&#772;,</subfield><subfield code="d">1217-1285.</subfield></datafield><datafield ind1="1" ind2="0" tag="240"><subfield code="6">880-02</subfield><subfield code="a">A&#699;la&#772;q al-khat&#803;i&#772;rah fi&#772; dhikr umara&#772;&#700; al-Sha&#772;m wa-al-Jazi&#772;rah.</subfield><subfield code="k">Selections</subfield></datafield><datafield ind1="1" ind2="3" tag="245"><subfield code="6">880-03</subfield><subfield code="a">al-A&#699;la&#772;q al-khat&#803;i&#772;rah fi&#772; dhikr umara&#772;&#700; al-Sha&#772;m wa-al-Jazi&#772;rah :</subfield><subfield code="b">ta&#772;ri&#772;kh madi&#772;nat Dimashq /</subfield><subfield code="c">li-Ibn Shadda&#772;d ; &#803;&#699;uniya&#769; bi-nashrihi wa-tah&#803;qi&#772;qihi wa-wad&#803;a&#699;a faha&#772;risahu Sa&#772;mi&#772; al-Dahha&#772;n.</subfield></datafield><datafield ind1="3" ind2=" " tag="246"><subfield code="6">880-04</subfield><subfield code="a">Ta&#772;ri&#772;kh madi&#772;nat Dimashq</subfield></datafield><datafield ind1="1" ind2=" " tag="246"><subfield code="i">Title on p. [4] of cover:</subfield><subfield code="a">Description de Damas d'Ibn S&#780;addad</subfield></datafield><datafield ind1=" " ind2=" " tag="260"><subfield code="6">880-05</subfield><subfield code="a">Dimashq :</subfield><subfield code="b">al-Ma&#699;had al-Faransi&#772; lil-Dira&#772;sa&#772;t al-&#699;Arabi&#772;yah,</subfield><subfield code="c">1956.</subfield></datafield><datafield ind1=" " ind2=" " tag="300"><subfield code="a">online resource (55, 473 pages, [8] leaves of plates) :</subfield><subfield code="b">facsimiles</subfield></datafield><datafield ind1=" " ind2=" " tag="336"><subfield code="a">text</subfield><subfield code="2">rdacontent</subfield></datafield><datafield ind1=" " ind2=" " tag="337"><subfield code="a">computer</subfield><subfield code="2">rdamedia</subfield></datafield><datafield ind1=" " ind2=" " tag="338"><subfield code="a">online resource</subfield><subfield code="2">rdacarrier</subfield></datafield><datafield ind1=" " ind2=" " tag="500"><subfield code="a">Part of the Arabic Collections Online (ACO) project, contributed by Columbia University Libraries.</subfield></datafield><datafield ind1=" " ind2=" " tag="504"><subfield code="a">Includes bibliographical references and indexes.</subfield></datafield><datafield ind1=" " ind2=" " tag="533"><subfield code="a">Electronic reproduction.</subfield><subfield code="b">New York, N.Y. :</subfield><subfield code="c">New York University,</subfield><subfield code="d">2015.</subfield><subfield code="5">NNU</subfield></datafield><datafield ind1=" " ind2="0" tag="651"><subfield code="a">Damascus (Syria)</subfield><subfield code="x">History.</subfield></datafield><datafield ind1=" " ind2="0" tag="651"><subfield code="a">Damascus (Syria)</subfield><subfield code="x">Description and travel.</subfield></datafield><datafield ind1=" " ind2="7" tag="650"><subfield code="a">Travel.</subfield><subfield code="2">fast</subfield><subfield code="0">(OCoLC)fst01155558</subfield></datafield><datafield ind1=" " ind2="7" tag="651"><subfield code="a">Syria</subfield><subfield code="z">Damascus.</subfield><subfield code="2">fast</subfield><subfield code="0">(OCoLC)fst01207112</subfield></datafield><datafield ind1=" " ind2="7" tag="655"><subfield code="a">History.</subfield><subfield code="2">fast</subfield><subfield code="0">(OCoLC)fst01411628</subfield></datafield><datafield ind1="1" ind2=" " tag="700"><subfield code="6">880-06</subfield><subfield code="a">Dahha&#772;n, Sa&#772;mi&#772;.</subfield></datafield><datafield ind1="2" ind2=" " tag="710"><subfield code="a">Columbia University.</subfield><subfield code="b">Libraries.</subfield></datafield><datafield ind1="0" ind2=" " tag="730"><subfield code="a">Arabic Collections Online.</subfield></datafield><datafield ind1="0" ind2="8" tag="776"><subfield code="i">Print version:</subfield><subfield code="a">Ibn Shadda&#772;d, Muh&#803;ammad ibn &#699;Ali&#772;, 1217-1285.</subfield><subfield code="t">al-A&#699;la&#772;q al-khat&#803;i&#772;rah fi&#772; dhikr umara&#772;&#700; al-Sha&#772;m wa-al-Jazi&#772;rah</subfield><subfield code="w">(NNC)3068059</subfield><subfield code="w">(OCoLC)19090897</subfield></datafield><datafield ind1="4" ind2="0" tag="856"><subfield code="u">http://hdl.handle.net/2333.1/cfxpnxqr</subfield></datafield><datafield ind1="1" ind2=" " tag="880"><subfield code="6">100-01</subfield><subfield code="a">&#1575;&#1576;&#1606; &#1588;&#1583;&#1575;&#1583;&#1548; &#1605;&#1581;&#1605;&#1583; &#1576;&#1606; &#1593;&#1604;&#1610;&#1548;</subfield><subfield code="d">1217-1285.</subfield></datafield><datafield ind1="1" ind2="0" tag="880"><subfield code="6">240-02</subfield><subfield code="a">&#1575;&#1593;&#1604;&#1575;&#1602; &#1575;&#1604;&#1582;&#1591;&#1610;&#1585;&#1577; &#1601;&#1610; &#1584;&#1603;&#1585; &#1575;&#1605;&#1585;&#1575;&#1569; &#1575;&#1604;&#1588;&#1575;&#1605; &#1608;&#1575;&#1604;&#1580;&#1586;&#1610;&#1585;&#1577;.</subfield><subfield code="k">Selections</subfield></datafield><datafield ind1="1" ind2="2" tag="880"><subfield code="6">245-03</subfield><subfield code="a">&#1575;&#1604;&#1575;&#1593;&#1604;&#1575;&#1602; &#1575;&#1604;&#1582;&#1591;&#1610;&#1585;&#1577; &#1601;&#1610; &#1584;&#1603;&#1585; &#1575;&#1605;&#1585;&#1575;&#1569; &#1575;&#1604;&#1588;&#1575;&#1605; &#1608;&#1575;&#1604;&#1580;&#1586;&#1610;&#1585;&#1577; :</subfield><subfield code="b">&#1578;&#1575;&#1585;&#1610;&#1582; &#1605;&#1583;&#1610;&#1606;&#1577; &#1583;&#1605;&#1588;&#1602; /</subfield><subfield code="c">&#1604;&#1575;&#1576;&#1606; &#1588;&#1583;&#1575;&#1583; &#1563; &#1593;&#1606;&#1610;&#1609; &#1576;&#1606;&#1588;&#1585;&#1607; &#1608;&#1578;&#1581;&#1602;&#1610;&#1602;&#1607; &#1608;&#1608;&#1590;&#1593; &#1601;&#1607;&#1575;&#1585;&#1587;&#1607; &#1587;&#1575;&#1605;&#1610; &#1575;&#1604;&#1583;&#1607;&#1575;&#1606;.</subfield></datafield><datafield ind1="3" ind2=" " tag="880"><subfield code="6">246-04</subfield><subfield code="a">&#1578;&#1575;&#1585;&#1610;&#1582; &#1605;&#1583;&#1610;&#1606;&#1577; &#1583;&#1605;&#1588;&#1602;</subfield></datafield><datafield ind1=" " ind2=" " tag="880"><subfield code="6">260-05</subfield><subfield code="a">&#1583;&#1605;&#1588;&#1602; :</subfield><subfield code="b">&#1575;&#1604;&#1605;&#1593;&#1607;&#1583; &#1575;&#1604;&#1601;&#1585;&#1606;&#1587;&#1610; &#1604;&#1604;&#1583;&#1585;&#1575;&#1587;&#1575;&#1578; &#1575;&#1604;&#1593;&#1585;&#1576;&#1610;&#1577;&#1548;</subfield><subfield code="c">1956.</subfield></datafield><datafield ind1="1" ind2=" " tag="880"><subfield code="6">700-06</subfield><subfield code="a">&#1583;&#1607;&#1575;&#1606;&#1548; &#1587;&#1575;&#1605;&#1610;.</subfield></datafield><datafield ind1=" " ind2=" " tag="959"><subfield code="a">NNU</subfield><subfield code="b">WEB</subfield><subfield code="c">GENI</subfield><subfield code="t">0</subfield><subfield code="m">Electronic access</subfield><subfield code="s">01</subfield></datafield><datafield ind1=" " ind2=" " tag="999"><subfield code="i">NNC_3068059</subfield><subfield code="o">(OCoLC)19090897</subfield><subfield code="e">OK</subfield></datafield></record>